@inproceedings{smith2007overview,
  title={An overview of the Tesseract OCR engine},
  author={Smith, Ray},
  booktitle={Document Analysis and Recognition, 2007. ICDAR 2007. Ninth International Conference on},
  volume={2},
  pages={629--633},
  year={2007},
  organization={IEEE}
}

@article{nagy2000twenty,
  title={Twenty years of document image analysis in PAMI},
  author={Nagy, George},
  journal={IEEE Transactions on Pattern Analysis \& Machine Intelligence},
  number={1},
  pages={38--62},
  year={2000},
  publisher={IEEE}
}

@article{jaderberg2014synthetic,
	title={Synthetic data and artificial neural networks for natural scene text recognition},
	author={Jaderberg, Max and Simonyan, Karen and Vedaldi, Andrea and Zisserman, Andrew},
	journal={arXiv preprint arXiv:1406.2227},
	year={2014}
}

@article{shi2017end,
	title={An end-to-end trainable neural network for image-based sequence recognition and its application to scene text recognition},
	author={Shi, Baoguang and Bai, Xiang and Yao, Cong},
	journal={IEEE transactions on pattern analysis and machine intelligence},
	volume={39},
	number={11},
	pages={2298--2304},
	year={2017},
	publisher={IEEE}
}

@inproceedings{tian2016detecting,
	title={Detecting text in natural image with connectionist text proposal network},
	author={Tian, Zhi and Huang, Weilin and He, Tong and He, Pan and Qiao, Yu},
	booktitle={European conference on computer vision},
	pages={56--72},
	year={2016},
	organization={Springer}
}

@inproceedings{he2017deep,
	title={Deep direct regression for multi-oriented scene text detection},
	author={He, Wenhao and Zhang, Xu-Yao and Yin, Fei and Liu, Cheng-Lin},
	booktitle={2017 IEEE International Conference on Computer Vision (ICCV)},
	pages={745--753},
	year={2017},
	organization={IEEE}
}

@inproceedings{lyu2018multi,
	title={Multi-oriented scene text detection via corner localization and region segmentation},
	author={Lyu, Pengyuan and Yao, Cong and Wu, Wenhao and Yan, Shuicheng and Bai, Xiang},
	booktitle={Proceedings of the IEEE Conference on Computer Vision and Pattern Recognition},
	pages={7553--7563},
	year={2018}
}

@inproceedings{li2017towards,
	title={Towards end-to-end text spotting with convolutional recurrent neural networks},
	author={Li, Hui and Wang, Peng and Shen, Chunhua},
	booktitle={2017 IEEE International Conference on Computer Vision (ICCV)},
	pages={5248--5256},
	year={2017},
	organization={IEEE}
}

@inproceedings{buvsta2017deep,
	title={Deep textspotter: An end-to-end trainable scene text localization and recognition framework},
	author={Bu{\v{s}}ta, Michal and Neumann, Luk{\'a}{\v{s}} and Matas, Jiri},
	booktitle={2017 IEEE International Conference on Computer Vision (ICCV)},
	pages={2223--2231},
	year={2017},
	organization={IEEE}
}

@inproceedings{borisyuk2018rosetta,
	title={Rosetta: Large scale system for text detection and recognition in images},
	author={Borisyuk, Fedor and Gordo, Albert and Sivakumar, Viswanath},
	booktitle={Proceedings of the 24th ACM SIGKDD International Conference on Knowledge Discovery \& Data Mining},
	pages={71--79},
	year={2018},
	organization={ACM}
}

@inproceedings{liu2018fots,
	title={FOTS: Fast Oriented Text Spotting with a Unified Network},
	author={Liu, Xuebo and Liang, Ding and Yan, Shi and Chen, Dagui and Qiao, Yu and Yan, Junjie},
	booktitle={Proceedings of the IEEE Conference on Computer Vision and Pattern Recognition},
	pages={5676--5685},
	year={2018}
}

@inproceedings{li2016precomputed,
	title={Precomputed real-time texture synthesis with markovian generative adversarial networks},
	author={Li, Chuan and Wand, Michael},
	booktitle={European Conference on Computer Vision},
	pages={702--716},
	year={2016},
	organization={Springer}
}

@article{peanho2012semantic,
	title={Semantic information extraction from images of complex documents},
	author={Peanho, Claudio Antonio and Stagni, Henrique and da Silva, Flavio Soares Correa},
	journal={Applied Intelligence},
	volume={37},
	number={4},
	pages={543--557},
	year={2012},
	publisher={Springer}
}

@inproceedings{chanod2005legacy,
	title={From legacy documents to xml: A conversion framework},
	author={Chanod, Jean-Pierre and Chidlovskii, Boris and Dejean, Herv{\'e} and Fambon, Olivier and Fuselier, J{\'e}r{\^o}me and Jacquin, Thierry and Meunier, Jean-Luc},
	booktitle={International Conference on Theory and Practice of Digital Libraries},
	pages={92--103},
	year={2005},
	organization={Springer}
}

@article{cesarini1998informys,
	title={INFORMys: A flexible invoice-like form-reader system},
	author={Cesarini, Francesca and Gori, Marco and Marinai, Simone and Soda, Giovanni},
	journal={IEEE Transactions on Pattern Analysis and Machine Intelligence},
	volume={20},
	number={7},
	pages={730--745},
	year={1998},
	publisher={IEEE}
}

@inproceedings{ren2015faster,
	title={Faster r-cnn: Towards real-time object detection with region proposal networks},
	author={Ren, Shaoqing and He, Kaiming and Girshick, Ross and Sun, Jian},
	booktitle={Advances in neural information processing systems},
	pages={91--99},
	year={2015}
}

@inproceedings{dai2016r,
	title={R-fcn: Object detection via region-based fully convolutional networks},
	author={Dai, Jifeng and Li, Yi and He, Kaiming and Sun, Jian},
	booktitle={Advances in neural information processing systems},
	pages={379--387},
	year={2016}
}

@article{li2017light,
	title={Light-head r-cnn: In defense of two-stage object detector},
	author={Li, Zeming and Peng, Chao and Yu, Gang and Zhang, Xiangyu and Deng, Yangdong and Sun, Jian},
	journal={arXiv preprint arXiv:1711.07264},
	year={2017}
}

@inproceedings{su2016line,
	title={On-line Active Reward Learning for Policy Optimisation in Spoken Dialogue Systems},
	author={Su, Pei-Hao and Gasic, Milica and Mrk{\v{s}}i{\'c}, Nikola and Barahona, Lina M Rojas and Ultes, Stefan and Vandyke, David and Wen, Tsung-Hsien and Young, Steve},
	booktitle={Proceedings of the 54th Annual Meeting of the Association for Computational Linguistics (Volume 1: Long Papers)},
	volume={1},
	pages={2431--2441},
	year={2016}
}

@inproceedings{shmelkov2017incremental,
	title={Incremental Learning of Object Detectors without Catastrophic Forgetting},
	author={Shmelkov, Konstantin and Schmid, Cordelia and Alahari, Karteek},
	booktitle={Computer Vision (ICCV), 2017 IEEE International Conference on},
	pages={3420--3429},
	year={2017},
	organization={IEEE}
}

@inproceedings{yuan2018text,
	title={Text-to-image Synthesis via Symmetrical Distillation Networks},
	author={Yuan, Mingkuan and Peng, Yuxin},
	booktitle={2018 ACM Multimedia Conference on Multimedia Conference},
	pages={1407--1415},
	year={2018},
	organization={ACM}
}

@inproceedings{bengio2009curriculum,
	title={Curriculum learning},
	author={Bengio, Yoshua and Louradour, J{\'e}r{\^o}me and Collobert, Ronan and Weston, Jason},
	booktitle={Proceedings of the 26th annual international conference on machine learning},
	pages={41--48},
	year={2009},
	organization={ACM}
}

@article{simonyan2014very,
	title={Very deep convolutional networks for large-scale image recognition},
	author={Simonyan, Karen and Zisserman, Andrew},
	journal={arXiv preprint arXiv:1409.1556},
	year={2014}
}

@inproceedings{liu2017sphereface,
	title={Sphereface: Deep hypersphere embedding for face recognition},
	author={Liu, Weiyang and Wen, Yandong and Yu, Zhiding and Li, Ming and Raj, Bhiksha and Song, Le},
	booktitle={The IEEE Conference on Computer Vision and Pattern Recognition (CVPR)},
	volume={1},
	pages={1},
	year={2017}
}

@inproceedings{he2016deep,
	title={Deep residual learning for image recognition},
	author={He, Kaiming and Zhang, Xiangyu and Ren, Shaoqing and Sun, Jian},
	booktitle={Proceedings of the IEEE conference on computer vision and pattern recognition},
	pages={770--778},
	year={2016}
}

@inproceedings{szegedy2015going,
	title={Going deeper with convolutions},
	author={Szegedy, Christian and Liu, Wei and Jia, Yangqing and Sermanet, Pierre and Reed, Scott and Anguelov, Dragomir and Erhan, Dumitru and Vanhoucke, Vincent and Rabinovich, Andrew},
	booktitle={Proceedings of the IEEE conference on computer vision and pattern recognition},
	pages={1--9},
	year={2015}
}

@inproceedings{graves2006connectionist,
	title={Connectionist temporal classification: labelling unsegmented sequence data with recurrent neural networks},
	author={Graves, Alex and Fern{\'a}ndez, Santiago and Gomez, Faustino and Schmidhuber, J{\"u}rgen},
	booktitle={Proceedings of the 23rd international conference on Machine learning},
	pages={369--376},
	year={2006},
	organization={ACM}
}